%bog uden sidetal
@book{"Label",
   author = {},
   title = {},
   booktitle = {},
   publisher = {},
   language = {},
   year = {},
   isbn = {},
   url = {}
}
%bog med sidetal
@InBook{"Label",
   author = {},
   title = {},
   booktitle = {},
   publisher = {},
   language = {},
   year = {},
   isbn = {},
   pages = {} }%den/de brugte sider i referencen
   
   
%Internetside
@Webpage{"Label",
   title		= {},
   address  	= {},
   publisher	= {},
   type		    = {},
   year		    = {},
   lastchecked	= {},
   url		    = {}
}

@book{"calculus",
   author = {C. Henry Edwards and David E. Penney},
   title = {\textit{Calculus early transcendentals}},
   booktitle = {Calculus early transcendentals},
   publisher = {Pearson Prentice Hall},
   language = {English},
   year = {2008},
   isbn = {0-13-156989-9},
   edition = {Seventh edition}
}

@book{"ETP",
   author = {Ebbe Thue Poulsen},
   title = {\textit{Funktioner af en og flere variable}},
   booktitle = {Funktioner af en og flere variable},
   publisher = {Institut for Matematik Aarhus Universitet},
   language = {dansk},
   year = {2016},
   isbn = {2900000231672},
   url = {}
}